<record><leader>00000cas a2200000 a 4500</leader><controlfield tag="001">24949719</controlfield><controlfield tag="008">911213d18771879iluwr ne      0    0ger c</controlfield><datafield ind1=" " ind2=" " tag="010"><subfield code="a">sn 91055895 </subfield></datafield><datafield ind1=" " ind2=" " tag="040"><subfield code="a">NVF</subfield><subfield code="b">eng</subfield><subfield code="c">NVF</subfield><subfield code="d">OCLCQ</subfield><subfield code="d">NVF</subfield><subfield code="d">OCLCQ</subfield><subfield code="d">OCLCF</subfield><subfield code="d">OCLCO</subfield></datafield><datafield ind1="1" ind2=" " tag="029"><subfield code="a">AU@</subfield><subfield code="b">000025881375</subfield></datafield><datafield ind1=" " ind2=" " tag="042"><subfield code="a">pcc</subfield></datafield><datafield ind1=" " ind2=" " tag="043"><subfield code="a">n-us-il</subfield></datafield><datafield ind1="0" ind2="0" tag="245"><subfield code="a">Wo&#776;chentliche Belleviller Zeitung und &quot;Stern des Westens.&quot;</subfield></datafield><datafield ind1=" " ind2=" " tag="260"><subfield code="a">Belleville, Ills. [Ill.] :</subfield><subfield code="b">Fietsam &amp; Semmelroth,</subfield><subfield code="c">1877-1879.</subfield></datafield><datafield ind1=" " ind2=" " tag="300"><subfield code="a">v.</subfield></datafield><datafield ind1=" " ind2=" " tag="310"><subfield code="a">Weekly</subfield></datafield><datafield ind1="0" ind2=" " tag="362"><subfield code="a">Jahrg. 29, no. 43 (25. Okt. 1877)-Jahrg. 31, No. 53 (31. Dez. 1879).</subfield></datafield><datafield ind1=" " ind2=" " tag="546"><subfield code="a">In German.</subfield></datafield><datafield ind1=" " ind2=" " tag="580"><subfield code="a">Daily ed.: Ta&#776;gliche Belleviller Zeitung und &quot;Stern des Westens,&quot; 1877-1879.</subfield></datafield><datafield ind1=" " ind2=" " tag="580"><subfield code="a">Formed by the union of: Belleviller Zeitung (Belleville, Ill. : 1858), and: Wo&#776;chentlicher Stern des Westens.</subfield></datafield><datafield ind1=" " ind2="0" tag="650"><subfield code="a">Germans</subfield><subfield code="z">Illinois</subfield><subfield code="z">Belleville</subfield><subfield code="v">Newspapers.</subfield></datafield><datafield ind1=" " ind2="0" tag="651"><subfield code="a">Belleville (Ill.)</subfield><subfield code="v">Newspapers.</subfield></datafield><datafield ind1=" " ind2="7" tag="655"><subfield code="a">Newspapers.</subfield><subfield code="2">fast</subfield><subfield code="0">(OCoLC)fst01423814</subfield></datafield><datafield ind1=" " ind2="7" tag="650"><subfield code="a">Germans.</subfield><subfield code="2">fast</subfield><subfield code="0">(OCoLC)fst00942100</subfield></datafield><datafield ind1=" " ind2="7" tag="651"><subfield code="a">Illinois</subfield><subfield code="z">Belleville.</subfield><subfield code="2">fast</subfield><subfield code="0">(OCoLC)fst01202799</subfield></datafield><datafield ind1=" " ind2=" " tag="752"><subfield code="a">United States</subfield><subfield code="b">Illinois</subfield><subfield code="c">Saint Clair</subfield><subfield code="d">Belleville.</subfield></datafield><datafield ind1="1" ind2=" " tag="775"><subfield code="t">Ta&#776;gliche Belleviller Zeitung und &quot;Stern des Westens&quot;</subfield><subfield code="w">(DLC)sn 91055900</subfield><subfield code="w">(OCoLC)24957004</subfield></datafield><datafield ind1="1" ind2="4" tag="780"><subfield code="t">Belleviller Zeitung (Belleville, Ill. : 1858)</subfield><subfield code="w">(DLC)sn 84038350</subfield><subfield code="w">(OCoLC)11280564</subfield></datafield><datafield ind1="1" ind2="4" tag="780"><subfield code="t">Wo&#776;chentlicher Stern des Westens</subfield><subfield code="w">(DLC)sn 85033402</subfield><subfield code="w">(OCoLC)11931690</subfield></datafield><datafield ind1="0" ind2="0" tag="785"><subfield code="t">Belleviller Zeitung (Belleville, Ill. : Weekly)</subfield><subfield code="w">(DLC)sn 91055901</subfield><subfield code="w">(OCoLC)24950106</subfield></datafield></record>